
@misc{DTMF,
    title = {Chapter 17: DTMF Tone Decoding and Telephone Interface},
    howpublished = {\url{http://www.globalspec.com/reference/24976/203279/chapter-17-dtmf-tone-decoding-and-telephone-interface}},
    author = {Jack R. Smith},
    note = {Accessed: 2017-03-17}
}
